@misc{rubyfiber,
  author = {Ruby documentation, Ruby community},
  title = {{Class: Fiber}},
  url = {http://ruby-doc.org/core-1.9/classes/Fiber.html},
  year = {2011}
}

#@misc{,
  author = {},
  title = {{}},
  url = {},
  year = {2011}
}
