Automatically generated by Mendeley 1.0.1
Any changes to this file will be lost if it is regenerated by Mendeley.

@misc{apachempm,
author = {Foundation, Apache},
title = {{Apache MPM worker}},
url = {http://httpd.apache.org/docs/2.0/mod/worker.html},
year = {2011}
}
@article{ThoughtWorksa,
author = {ThoughtWorks},
file = {:home/jesper/sources/ThoughtWorks - Unknown - Concurrency patterns in Ruby.pdf:pdf},
keywords = {concurrency,ruby,slides},
title = {{Concurrency patterns in Ruby}}
}
@article{reactor,
author = {Schmidt, Douglas C},
file = {:home/jesper/sources/Schmidt - 1995 - Reactor - An Object Behavioral Pattern for Demultiplexing and Dispatching Handles for Synchronous Events.pdf:pdf},
journal = {Structure},
pages = {1--11},
title = {{Reactor - An Object Behavioral Pattern for Demultiplexing and Dispatching Handles for Synchronous Events}},
year = {1995}
}
@misc{apachestats,
author = {Netcraft},
title = {{February 2009 Web Server Survey}},
url = {http://news.netcraft.com/archives/2009/02/18/february\_2009\_web\_server\_survey.html},
year = {2009}
}
@misc{rackspec,
author = {{Christian Neukirchen}},
keywords = {ruby},
mendeley-tags = {ruby},
title = {{The Rack Interface Specification}},
url = {http://rack.rubyforge.org/doc/SPEC.html},
year = {2010}
}
